@inproceedings{2020Sketch,
  title={Sketch-BERT: Learning Sketch Bidirectional Encoder Representation from Transformers by Self-supervised Learning of Sketch Gestalt},
  author={ Lin, H.  and  Fu, Y.  and  Jiang, Y. G.  and  Xue, X. },
  booktitle={2020 IEEE/CVF Conference on Computer Vision and Pattern Recognition (CVPR)},
  year={2020},
}

@article{2018BERT,
  title={BERT: Pre-training of Deep Bidirectional Transformers for Language Understanding},
  author={ Devlin, J.  and  Chang, M. W.  and  Lee, K.  and  Toutanova, K. },
  year={2018},
}
